% Encoding: UTF-8

@Article{ambler2009agile,
  title={The Agile Scaling Model (ASM): Adapting agile methods for complex environments},
  author={Ambler, Scott W},
  journal={Environments},
  year={2009}
}

@inproceedings{carvalho2013test,
  title={Test case generation from natural language requirements based on SCR specifications},
  author={Carvalho, Gustavo and Falc{\~a}o, Diogo and Barros, Fl{\'a}via and Sampaio, Augusto and Mota, Alexandre and Motta, Leonardo and Blackburn, Mark},
  booktitle={Proceedings of the 28th Annual ACM Symposium on Applied Computing},
  pages={1217--1222},
  year={2013},
  organization={ACM}
}

@inproceedings{ryser1999scenario,
  title={A scenario-based approach to validating and testing software systems using statecharts},
  author={Ryser, Johannes and Glinz, Martin},
  booktitle={Proc. 12th International Conference on Software and Systems Engineering and their Applications},
  year={1999}
}

@inproceedings{linzhang2004generating,
  title={Generating test cases from UML activity diagram based on gray-box method},
  author={Linzhang, Wang and Jiesong, Yuan and Xiaofeng, Yu and Jun, Hu and Xuandong, Li and Guoliang, Zheng},
  booktitle={Software Engineering Conference, 2004. 11th Asia-Pacific},
  pages={284--291},
  year={2004},
  organization={IEEE}
}

@article{nebut2006automatic,
  title={Automatic test generation: A use case driven approach},
  author={Nebut, Clementine and Fleurey, Franck and Le Traon, Yves and Jezequel, J-M},
  journal={IEEE Transactions on Software Engineering},
  volume={32},
  number={3},
  pages={140--155},
  year={2006},
  publisher={IEEE}
}

@article{kulkarni2014generating,
  title={Generating and analyzing test cases from software requirements using nlp and hadoop},
  author={Kulkarni, Priyanka and Joglekar, Yashada},
  journal={International Journal of Current Engineering and Technology (INPRESSCO)},
  year={2014}
}

@inproceedings{sarmiento2015analysis,
  title={Analysis of scenarios with Petri-Net models},
  author={Sarmiento, Edgar and Leite, Julio Cesar Sampaio Do Prado and Almentero, Eduardo},
  booktitle={Software Engineering (SBES), 2015 29th Brazilian Symposium on},
  pages={90--99},
  year={2015},
  organization={IEEE}
}

@inproceedings{sarmiento2015mapping,
  title={Mapping textual scenarios to analyzable Petri-Net models},
  author={Sarmiento, Edgar and Almentero, Eduardo and CSP Leite, Julio and Sotomayor, Guina},
  booktitle={Proceedings of the 17th International Conference on Enterprise Information Systems-Volume 2},
  pages={494--501},
  year={2015},
  organization={SCITEPRESS-Science and Technology Publications, Lda}
}

@inproceedings{wang2015automatic,
  title={Automatic generation of system test cases from use case specifications},
  author={Wang, Chunhui and Pastore, Fabrizio and Goknil, Arda and Briand, Lionel and Iqbal, Zohaib},
  booktitle={Proceedings of the 2015 International Symposium on Software Testing and Analysis},
  pages={385--396},
  year={2015},
  organization={ACM}
}

@inproceedings{yue2015rtcm,
  title={RTCM: a natural language based, automated, and practical test case generation framework},
  author={Yue, Tao and Ali, Shaukat and Zhang, Man},
  booktitle={Proceedings of the 2015 International Symposium on Software Testing and Analysis},
  pages={397--408},
  year={2015},
  organization={ACM}
}

@article{yue2013facilitating,
  title={Facilitating the transition from use case models to analysis models: Approach and experiments},
  author={Yue, Tao and Briand, Lionel C and Labiche, Yvan},
  journal={ACM Transactions on Software Engineering and Methodology (TOSEM)},
  volume={22},
  number={1},
  pages={5},
  year={2013},
  publisher={ACM}
}

@inproceedings{wang2015umtg,
  title={UMTG: a toolset to automatically generate system test cases from use case specifications},
  author={Wang, Chunhui and Pastore, Fabrizio and Goknil, Arda and Briand, Lionel C and Iqbal, Zohaib},
  booktitle={Proceedings of the 2015 10th Joint Meeting on Foundations of Software Engineering},
  pages={942--945},
  year={2015},
  organization={ACM}
}

@article{do2000scenario,
  title={A scenario construction process},
  author={do Prado Leite, Julio Cesar Sampaio and Hadad, Graciela DS and Doorn, Jorge Horacio and Kaplan, Gladys N},
  journal={Requirements Engineering},
  volume={5},
  number={1},
  pages={38--61},
  year={2000},
  publisher={Springer}
}

@phdthesis{calisaya2016analysis,
  title={Analysis of Natural Language Scenarios},
  author={Calisaya, Edgar Sarmiento},
  year={2016},
  school={PUC-Rio}
}

@inproceedings{badri2003use,
  title={A use case driven testing process: Towards a formal approach based on UML collaboration diagrams},
  author={Badri, Mourad and Badri, Linda and Naha, Marius},
  booktitle={International Workshop on Formal Approaches to Software Testing},
  pages={223--235},
  year={2003},
  organization={Springer}
}

@inproceedings{nebut2003requirements,
  title={Requirements by contracts allow automated system testing},
  author={Nebut, Cl{\'e}mentine and Fleurey, Franck and Le Traon, Yves and J{\'e}z{\'e}quel, J-M},
  booktitle={Software Reliability Engineering, 2003. ISSRE 2003. 14th International Symposium on},
  pages={85--96},
  year={2003},
  organization={IEEE}
}

@inproceedings{ryser1999practical,
  title={A practical approach to validating and testing software systems using scenarios},
  author={Ryser, Johannes and Glinz, Martin},
  booktitle={QWE’99, 3 rd International Software Quality Week Europe},
  year={1999},
  organization={Citeseer}
}

@inproceedings{tahat2001requirement,
  title={Requirement-based automated black-box test generation},
  author={Tahat, Luay Ho and Vaysburg, Boris and Korel, Bogdan and Bader, Atef J},
  booktitle={Computer Software and Applications Conference, 2001. COMPSAC 2001. 25th Annual International},
  pages={489--495},
  year={2001},
  organization={IEEE}
}

@article{algayres2012goal,
  title={GOAL: Observing SDL behaviors with Geode},
  author={Algayres, B and Lejeune, Y and Hugonnet, F and Braek, R and Sarma, A},
  journal={The Proceedings of SDL’95},
  pages={223--230},
  year={2012}
}

@article{bochmann1997automating,
  title={Automating the process of test derivation from SDL specifications},
  author={Bochmann, Gregor von and Petrenko, Alexandre and Bellal, O and Maguiraga, S},
  journal={Sdl},
  volume={97},
  number={22},
  pages={261--276},
  year={1997}
}

@inproceedings{bromstrup1995tesdl,
  title={TESDL: Experience with generating test cases from SDL specifications},
  author={Br{\"o}mstrup, Lars and Hogrefe, Dieter},
  booktitle={Conformance testing methodologies and architectures for OSI protocols},
  pages={455--467},
  year={1995},
  organization={IEEE Computer Society Press}
}

@inproceedings{barros2011ucscnl,
  title={The ucsCNL: A Controlled Natural Language for Use Case Specifications.},
  author={Barros, Fl{\'a}via A and Neves, La{\'\i}s and Hori, {\'E}rica and Torres, Dante},
  booktitle={SEKE},
  pages={250--253},
  year={2011}
}

@inproceedings{tang2008towards,
  title={Towards adaptive framework of keyword driven automation testing},
  author={Tang, Jingfan and Cao, Xiaohua and Ma, Albert},
  booktitle={Automation and Logistics, 2008. ICAL 2008. IEEE International Conference on},
  pages={1631--1636},
  year={2008},
  organization={IEEE}
}

@inproceedings{little2006translating,
  title={Translating keyword commands into executable code},
  author={Little, Greg and Miller, Robert C},
  booktitle={Proceedings of the 19th annual ACM symposium on User interface software and technology},
  pages={135--144},
  year={2006},
  organization={ACM}
}

@inproceedings{hametner2012agile,
  title={Agile testing concepts based on keyword-driven testing for industrial automation systems},
  author={Hametner, Reinhard and Winkler, Dietmar and Zoitl, Alois},
  booktitle={IECON 2012-38th Annual Conference on IEEE Industrial Electronics Society},
  pages={3727--3732},
  year={2012},
  organization={IEEE}
}

@inproceedings{thummalapenta2012automating,
  title={Automating test automation},
  author={Thummalapenta, Suresh and Sinha, Saurabh and Singhania, Nimit and Chandra, Satish},
  booktitle={Software Engineering (ICSE), 2012 34th International Conference on},
  pages={881--891},
  year={2012},
  organization={IEEE}
}

@article{shirole2013uml,
  title={UML behavioral model based test case generation: a survey},
  author={Shirole, Mahesh and Kumar, Rajeev},
  journal={ACM SIGSOFT Software Engineering Notes},
  volume={38},
  number={4},
  pages={1--13},
  year={2013},
  publisher={ACM}
}

@article{nayak2012synthesis,
  title={Synthesis of Test Scenarios Using UML Sequence Diagrams},
  author={Nayak, Ashalatha and Samanta, Debasis},
  journal={ISRN Software Engineering},
  volume={2012},
  year={2012},
  publisher={Hindawi Publishing Corporation}
}

@inproceedings{bandyopadhyay2009test,
  title={Test input generation using UML sequence and state machines models},
  author={Bandyopadhyay, Aritra and Ghosh, Sudipto},
  booktitle={Software Testing Verification and Validation, 2009. ICST'09. International Conference on},
  pages={121--130},
  year={2009},
  organization={IEEE}
}

@article{briand2002uml,
  title={A UML-based approach to system testing},
  author={Briand, Lionel and Labiche, Yvan},
  journal={Software and Systems Modeling},
  volume={1},
  number={1},
  pages={10--42},
  year={2002},
  publisher={Springer}
}

@inproceedings{frohlich2000automated,
  title={Automated test case generation from dynamic models},
  author={Fr{\"o}hlich, Peter and Link, Johannes},
  booktitle={ECOOP},
  pages={472--492},
  year={2000},
  organization={Springer}
}

@inproceedings{yue2010automated,
  title={An Automated Approach to Transform Use Cases into Activity Diagrams.},
  author={Yue, Tao and Briand, Lionel C and Labiche, Yvan},
  booktitle={ECMFA},
  pages={337--353},
  year={2010},
  organization={Springer}
}

@inproceedings{katara2006making,
  title={Making model-based testing more agile: a use case driven approach},
  author={Katara, Mika and Kervinen, Antti},
  booktitle={Haifa Verification Conference},
  pages={219--234},
  year={2006},
  organization={Springer}
}

@inproceedings{hasling2008model,
  title={Model based testing of system requirements using UML use case models},
  author={Hasling, Bill and Goetz, Helmut and Beetz, Klaus},
  booktitle={Software Testing, Verification, and Validation, 2008 1st international conference on},
  pages={367--376},
  year={2008},
  organization={IEEE}
}

@article{bertolino2003use,
  title={Use case-based testing of product lines},
  author={Bertolino, Antonia and Gnesi, Stefania},
  journal={ACM SIGSOFT Software Engineering Notes},
  volume={28},
  number={5},
  pages={355--358},
  year={2003},
  publisher={ACM}
}

@article{cerny2015separation,
  title={On separation of platform-independent particles in user interfaces},
  author={Cerny, Tomas and Donahoo, Michael J},
  journal={Cluster Computing},
  volume={18},
  number={3},
  pages={1215--1228},
  year={2015},
  publisher={Springer}
}

@phdthesis{loniewskiopenup,
  title={OpenUP/MDRE: A Model-Driven Requirements Engineering Approach for Health-Care Systems},
  author={Loniewski, Grzegorz},
  school={Master’s thesis, Universitat Politecnica de Valencia, 2010.(cited on Page 7)}
}


@inproceedings{dias2007survey,
  title={A survey on model-based testing approaches: a systematic review},
  author={Dias Neto, Arilo C and Subramanyan, Rajesh and Vieira, Marlon and Travassos, Guilherme H},
  booktitle={Proceedings of the 1st ACM international workshop on Empirical assessment of software engineering languages and technologies: held in conjunction with the 22nd IEEE/ACM International Conference on Automated Software Engineering (ASE) 2007},
  pages={31--36},
  year={2007},
  organization={ACM}
}

@article{prasanna2005survey,
  title={A survey on automatic test case generation},
  author={Prasanna, M and Sivanandam, S and Venkatesan, R and Sundarrajan, R},
  journal={Academic Open Internet Journal},
  volume={15},
  number={6},
  year={2005}
}


@book{reisig2012petri,
  title={Petri nets: an introduction},
  author={Reisig, Wolfgang},
  volume={4},
  year={2012},
  publisher={Springer Science \& Business Media}
}

@article{murata1989petri,
  title={Petri nets: Properties, analysis and applications},
  author={Murata, Tadao},
  journal={Proceedings of the IEEE},
  volume={77},
  number={4},
  pages={541--580},
  year={1989},
  publisher={IEEE}
}

@Misc{versionone,
  author = {Version One},
  title  = {Manage agile testing: Easy test management for QA teams},
  year   = {2002},
  label  = {VONE},
  url    = {https://www.versionone.com/product/lifecycle/test-management/},
}

@Misc{getzephyr,
  author = {Zephyr},
  title = {Test management add-ons for atlassian - zephyr},
  year = {2007},
  label = {ZEP},
  url = {https://www.getzephyr.com/products/zephyr-for-jira},
}

@Comment{jabref-meta: databaseType:bibtex;}
